%Filename:  references.bib
%Description: File containing references used in the paper

@article{de1968study,
  title={A Study of the Aklanon Dialect. Volume One: Grammar.},
  author={De la Cruz, Beato A and Zorc, R},
  year={1968},
  publisher={ERIC}
}

@article{furui2004speech,
  title={Speech-to-text and speech-to-speech summarization of spontaneous speech},
  author={Furui, Sadaoki and Kikuchi, Tomonori and Shinnaka, Yosuke and Hori, Chiori},
  journal={IEEE Transactions on Speech and Audio Processing},
  volume={12},
  number={4},
  pages={401--408},
  year={2004},
  publisher={IEEE}
}

@inproceedings{schultz2002globalphone,
  title={Globalphone: a multilingual speech and text database developed at karlsruhe university},
  author={Schultz, Tanja},
  booktitle={Seventh International Conference on Spoken Language Processing},
  year={2002}
}

@article{salas1969study,
  title={A Study of the Aklanon Dialect, Volume Two: Dictionary (of Root Words and Derivations), Aklanon to English.},
  author={Salas Reyes, Vicente and others},
  year={1969},
  publisher={ERIC}
}

@article{li2014overview,
  title={An overview of noise-robust automatic speech recognition},
  author={Li, Jinyu and Deng, Li and Gong, Yifan and Haeb-Umbach, Reinhold},
  journal={IEEE/ACM Transactions on Audio, Speech, and Language Processing},
  volume={22},
  number={4},
  pages={745--777},
  year={2014},
  publisher={IEEE}
}
