%Filename:  references.bib
%Description: File containing references used in the paper